<record><leader>00000cas a2200000 a 4500</leader><controlfield tag="001">33394199</controlfield><controlfield tag="008">951031d19571960nyuwr ne      0    0eng c</controlfield><datafield ind1=" " ind2=" " tag="010"><subfield code="a">sn 95071436 </subfield></datafield><datafield ind1=" " ind2=" " tag="040"><subfield code="a">NYS</subfield><subfield code="b">eng</subfield><subfield code="c">NYS</subfield><subfield code="d">OCLCQ</subfield><subfield code="d">OCLCF</subfield><subfield code="d">OCLCO</subfield></datafield><datafield ind1="1" ind2=" " tag="029"><subfield code="a">AU@</subfield><subfield code="b">000025900273</subfield></datafield><datafield ind1=" " ind2=" " tag="042"><subfield code="a">pcc</subfield></datafield><datafield ind1=" " ind2=" " tag="043"><subfield code="a">n-us-ny</subfield></datafield><datafield ind1="0" ind2="4" tag="245"><subfield code="a">The Record and pilot and the spotlight.</subfield></datafield><datafield ind1="3" ind2="0" tag="246"><subfield code="a">Record and pilot and spotlight</subfield></datafield><datafield ind1="1" ind2="3" tag="246"><subfield code="a">Record and pilot and the spotlight, including the Sea Cliff news and East Norwich enterprise and Glen Cove echo</subfield></datafield><datafield ind1="1" ind2="7" tag="246"><subfield code="a">Record and pilot and the spotlight and the Hempstead Harbor herald</subfield><subfield code="f">May 16, 1957-&lt;1958&gt;</subfield></datafield><datafield ind1=" " ind2=" " tag="250"><subfield code="a">Combined ed.</subfield></datafield><datafield ind1=" " ind2=" " tag="260"><subfield code="a">Glen Cove, N.Y. :</subfield><subfield code="b">Griscom Publications,</subfield><subfield code="c">1957-1960.</subfield></datafield><datafield ind1=" " ind2=" " tag="300"><subfield code="a">v.</subfield></datafield><datafield ind1=" " ind2=" " tag="310"><subfield code="a">Weekly</subfield></datafield><datafield ind1="0" ind2=" " tag="362"><subfield code="a">Vol. 74, no. 36 (May 16, 1957)- ; -v. 72, no. 31 (Feb. 25, 1960).</subfield></datafield><datafield ind1=" " ind2="0" tag="651"><subfield code="a">Glen Cove (N.Y.)</subfield><subfield code="v">Newspapers.</subfield></datafield><datafield ind1=" " ind2="0" tag="651"><subfield code="a">Oyster Bay (N.Y.)</subfield><subfield code="v">Newspapers.</subfield></datafield><datafield ind1=" " ind2="0" tag="651"><subfield code="a">Sea Cliff (N.Y.)</subfield><subfield code="v">Newspapers.</subfield></datafield><datafield ind1=" " ind2="0" tag="651"><subfield code="a">Nassau County (N.Y.)</subfield><subfield code="v">Newspapers.</subfield></datafield><datafield ind1=" " ind2="7" tag="655"><subfield code="a">Newspapers.</subfield><subfield code="2">fast</subfield><subfield code="0">(OCoLC)fst01423814</subfield></datafield><datafield ind1=" " ind2="7" tag="651"><subfield code="a">New York (State)</subfield><subfield code="z">Glen Cove.</subfield><subfield code="2">fast</subfield><subfield code="0">(OCoLC)fst01223314</subfield></datafield><datafield ind1=" " ind2="7" tag="651"><subfield code="a">New York (State)</subfield><subfield code="z">Nassau County.</subfield><subfield code="2">fast</subfield><subfield code="0">(OCoLC)fst01205518</subfield></datafield><datafield ind1=" " ind2="7" tag="651"><subfield code="a">New York (State)</subfield><subfield code="z">Oyster Bay.</subfield><subfield code="2">fast</subfield><subfield code="0">(OCoLC)fst01212999</subfield></datafield><datafield ind1=" " ind2="7" tag="651"><subfield code="a">New York (State)</subfield><subfield code="z">Sea Cliff.</subfield><subfield code="2">fast</subfield><subfield code="0">(OCoLC)fst01231462</subfield></datafield><datafield ind1=" " ind2=" " tag="752"><subfield code="a">United States</subfield><subfield code="b">New York</subfield><subfield code="c">Nassau</subfield><subfield code="d">Glen Cove.</subfield></datafield><datafield ind1="0" ind2="4" tag="780"><subfield code="t">Record and pilot (Glen Cove, N.Y. : Combined ed.)</subfield><subfield code="w">(DLC)sn 95071435</subfield><subfield code="w">(OCoLC)33393937</subfield></datafield><datafield ind1="0" ind2="4" tag="780"><subfield code="t">Spotlight and Hempstead Harbor herald</subfield><subfield code="w">(DLC)sn 95071262</subfield><subfield code="w">(OCoLC)32949697</subfield></datafield><datafield ind1="0" ind2="7" tag="785"><subfield code="t">Glen Cove echo</subfield><subfield code="w">(DLC)sn 83031427</subfield><subfield code="w">(OCoLC)9880168</subfield></datafield><datafield ind1="0" ind2="7" tag="785"><subfield code="t">Record and pilot and the spotlight and Glen Cove echo</subfield><subfield code="w">(DLC)sn 94061069</subfield><subfield code="w">(OCoLC)31692506</subfield></datafield></record>